@incollection{
exasat,
year={2013},
isbn={978-3-642-38749-4},
booktitle={Supercomputing},
volume={7905},
series={Lecture Notes in Computer Science},
editor={Kunkel, JulianMartin and Ludwig, Thomas and Meuer, HansWerner},
doi={10.1007/978-3-642-38750-0_15},
title={Software Design Space Exploration for Exascale Combustion Co-design},
url={http://dx.doi.org/10.1007/978-3-642-38750-0_15},
publisher={Springer Berlin Heidelberg},
author={Chan, Cy and Unat, Didem and Lijewski, Michael and Zhang, Weiqun and Bell, John and Shalf, John},
pages={196-212},
language={English}
}

@incollection{
exasat1,
year={2014},
booktitle={International Journal of High Performance Computing },
title={ExaSAT: An Exascale Co-Design Tool for Performance Modeling},
author={Unat, Didem and Chan, Cy and Zhang, Weiqun and Williams, Samuel and Bachan, John and Bell, John and Shalf, John}
}

